@misc{ Latex,
       author = "Wikibooks",
       title = "Latex",
       howpublished = "\url{https://en.wikibooks.org/wiki/LaTeX}"
}

@misc{
    GitTutorial,
    author = "Software Freedom Conservancy",
    title = "Git",
    howpublished = "\url{https://git-scm.com/docs/gittutorial}"
}

@misc{
    DotNetGuide,
    author = ".Net Foundation",
    title = ".Net Guide",
    howpublished = "\url{https://docs.microsoft.com/en-us/dotnet/core/index}"
}

@misc{
    Gitignore,
    author = "Software Freedom Conservancy",
    title = "Ignoring files",
    howpublished = "\url{https://git-scm.com/docs/gitignore}"
}